<?xml version="1.0" encoding="UTF-8"?><collection xmlns="http://www.loc.gov/MARC21/slim"><record><leader>00455nam--2200169-i-4500</leader><controlfield tag="001">000021276</controlfield><controlfield tag="002">20161230</controlfield><controlfield tag="005">20161230201034</controlfield><controlfield tag="008">060222s1000------------r-----000-0-rum-d</controlfield><datafield ind1=" " ind2=" " tag="041"><subfield code="a">rum</subfield></datafield><datafield ind1=" " ind2=" " tag="080"><subfield code="a">519.2</subfield></datafield><datafield ind1="1" ind2=" " tag="100"><subfield code="a">Onicescu, O</subfield></datafield><datafield ind1="1" ind2="0" tag="245"><subfield code="a">Calculul probabilitatilor si aplicatii</subfield><subfield code="c">O. Onicescu; G. Mihoc; C.T. Ionescu Tulcea</subfield></datafield><datafield ind1=" " ind2=" " tag="260"><subfield code="a">Bucuresti,Editura Academiei, 1956</subfield></datafield><datafield ind1=" " ind2=" " tag="300"><subfield code="a">788P</subfield></datafield><datafield ind1=" " ind2=" " tag="852"><subfield code="a">4185</subfield><subfield code="c">519.2</subfield></datafield><datafield ind1=" " ind2=" " tag="CAT"><subfield code="a">Sys</subfield><subfield code="c">20100514</subfield><subfield code="h">100025</subfield></datafield></record></collection>